<record><leader>00000cas a22000007a 4500</leader><controlfield tag="001">17359028</controlfield><controlfield tag="008">880119d1853185uohuwr ne      0    0eng d</controlfield><datafield ind1=" " ind2=" " tag="010"><subfield code="a">sn 88077063 </subfield></datafield><datafield ind1=" " ind2=" " tag="040"><subfield code="a">ONP</subfield><subfield code="b">eng</subfield><subfield code="c">ONP</subfield><subfield code="d">OCLCQ</subfield></datafield><datafield ind1=" " ind2=" " tag="042"><subfield code="a">msc</subfield></datafield><datafield ind1="0" ind2="4" tag="245"><subfield code="a">The West-Liberty banner and Logan County advertiser.</subfield></datafield><datafield ind1=" " ind2=" " tag="260"><subfield code="a">West Liberty, O. [Ohio] :</subfield><subfield code="b">C. Edwards</subfield></datafield><datafield ind1=" " ind2=" " tag="310"><subfield code="a">Weekly</subfield></datafield><datafield ind1="1" ind2=" " tag="362"><subfield code="a">Began with May 28, 1853 issue?</subfield></datafield><datafield ind1=" " ind2=" " tag="588"><subfield code="a">Description based on: Vol. 1, no. 27 (Nov. 26 1853).</subfield></datafield><datafield ind1=" " ind2=" " tag="752"><subfield code="a">United States</subfield><subfield code="b">Ohio</subfield><subfield code="c">Logan</subfield><subfield code="d">West Liberty.</subfield></datafield><datafield ind1="0" ind2="0" tag="785"><subfield code="t">West Liberty banner (West Liberty, Ohio : 1855)</subfield><subfield code="w">(DLC)sn 88077064</subfield></datafield></record>